
@article{POHLENZ2010560,
    title = "Virtual dental surgery as a new educational tool in dental school",
    journal = "Journal of Cranio-Maxillofacial Surgery",
    volume = "38",
    number = "8",
    pages = "560 - 564",
    year = "2010",
    issn = "1010-5182",
    doi = "https://doi.org/10.1016/j.jcms.2010.02.011",
    url = "http://www.sciencedirect.com/science/article/pii/S1010518210000363",
    author = "Philipp Pohlenz and Alexander Gröbe and Andreas Petersik and Norman [von Sternberg] and Bernhard Pflesser and Andreas Pommert and Karl-Heinz Höhne and Ulf Tiede and Ingo Springer and Max Heiland",
    keywords = "virtual reality, computer simulation, dental education, oral surgery, apicectomy"
}

@misc{leaphand, 
	title={Introducing the Skeletal Tracking Model},
	 url={https://developer-archive.leapmotion.com/documentation/objc/devguide/Intro_Skeleton_API.html},
	note={accessed 18 Aug 2020}
}

@misc{quat_to_euler,
	title={Conversion between quaternions and Euler angles},
	url={https://en.wikipedia.org/wiki/Conversion_between_quaternions_and_Euler_angles},
	note={accessed 19 Aug 2020}
}

@misc{memalpha,
	title={Conn},
	url={https://memory-alpha.fandom.com/de/wiki/Conn},
	note={accessed 19 Aug 2020}
}

@article{wang19,
	title = "Haptic display for virtual reality: progress and challenges",
	journal = "Virtual Reality \& Intelligent Hardware",
	volume = "1",
	number = "2",
	pages = "136 - 162",
	year = "2019",
	issn = "2096-5796",
	doi = "https://doi.org/10.3724/SP.J.2096-5796.2019.0008",
	url = "http://www.sciencedirect.com/science/article/pii/S2096579619300130",
	author = "Dangxiao WANG and Yuan GUO and Shiyi LIU and Yuru ZHANG and Weiliang XU and Jing XIAO",
	keywords = "Haptic display, Virtual reality, Desktop haptics, Surface haptics, Wearable haptics, Multimodal haptics"
}

@inproceedings{sutherland65,
	author = {Ivan E. Sutherland},
	title = {The Ultimate Display},
	booktitle = {Proceedings of the IFIP Congress},
	year = {1965},
	pages = {506--508}
}

@article{li19,
	title = "Gesture interaction in virtual reality",
	journal = "Virtual Reality \& Intelligent Hardware",
	volume = "1",
	number = "1",
	pages = "84 - 112",
	year = "2019",
	issn = "2096-5796",
	doi = "https://doi.org/10.3724/SP.J.2096-5796.2018.0006",
	url = "http://www.sciencedirect.com/science/article/pii/S2096579619300075",
	author = "Yang LI and Jin HUANG and Feng TIAN and Hong-An WANG and Guo-Zhong DAI",
	keywords = "Virtual reality, Gesture interaction, Gesture recognition"
}

@article{kakoty18,
	title = "Recognition of Sign Language Alphabets and Numbers based on Hand Kinematics using A Data Glove",
	journal = "Procedia Computer Science",
	volume = "133",
	pages = "55 - 62",
	year = "2018",
	note = "International Conference on Robotics and Smart Manufacturing (RoSMa2018)",
	issn = "1877-0509",
	doi = "https://doi.org/10.1016/j.procs.2018.07.008",
	url = "http://www.sciencedirect.com/science/article/pii/S1877050918309529",
	author = "Nayan M. Kakoty and Manalee Dev Sharma",
	keywords = "Finger kinematics, Sign language recognition, Data glove"
}

@article{maitre19,
	title = "Basic Daily Activity Recognition with a Data Glove",
	journal = "Procedia Computer Science",
	volume = "151",
	pages = "108 - 115",
	year = "2019",
	note = "The 10th International Conference on Ambient Systems, Networks and Technologies (ANT 2019) / The 2nd International Conference on Emerging Data and Industry 4.0 (EDI40 2019) / Affiliated Workshops",
	issn = "1877-0509",
	doi = "https://doi.org/10.1016/j.procs.2019.04.018",
	url = "http://www.sciencedirect.com/science/article/pii/S187705091930479X",
	author = "Julien Maitre and Clément Rendu and Kévin Bouchard and Bruno Bouchard and Sébastien Gaboury"
}